%%%%%%%%%%%%%%%%%%%%%%%%%%%%%%%%%%%%%%%%%%%%%%%%%%%%%%%%%%%%%%%%%%%
%%% Documento LaTeX 																						%%%
%%%%%%%%%%%%%%%%%%%%%%%%%%%%%%%%%%%%%%%%%%%%%%%%%%%%%%%%%%%%%%%%%%%
% Título:		Referencias bibliográficas
% Autor:  	Ignacio Moreno Doblas
% Fecha:  	2014-02-01, actualizado 2019-11-11
% Versión:	0.5.0
%%%%%%%%%%%%%%%%%%%%%%%%%%%%%%%%%%%%%%%%%%%%%%%%%%%%%%%%%%%%%%%%%%%%


@manual{GuiaEstilo,
	author = 		{Casilari Pérez, Eduardo and Cortés Arrabal, José Antonio and Molina Tanco, Luís},
	title  = 		{Breves notas de estilo para la redacción de Proyectos Fin de Carrera y Trabajos Fin de Grado},
	organization = 	{ETSIT, Universidad de Málaga},
	year = 			{2014},
	note = 			{\url{https://www.uma.es/media/tinyimages/file/Manual_de_estilo_ETSIT_TFG_TFM_PFC.pdf}},
}

@Manual{IDST,
 	author = 		{Entrambasaguas, J.T.},
 	title = 		{Ingeniería de Desarrollo de sistemas de Telecomunicación, \emph{apuntes de clase}},
 	organization = 	{ETSIT-UMA},
 	year = 			{Curso 2004-2005},
}

@Manual{ProgDoc,
 	author = 		{ETSIT},
 	title = 		{Programación docente},
 	organization = 	{ETSIT-UMA},
 	year = 			{Curso 2000-2001},
 	language = 		{spanish},
}

@Book{SignalAnalysis,
	author = 	{Rangaraj M. Rangayyan},
	title  = 	{BIOMEDICAL SIGNAL ANALYSIS},
	note = 		{A Case-Study Approach},
	year = 		{2002},
	publisher = {IEEE Press; Wiley-Interscience},
}

@Book{Harrison,
	author = 	{Dennis Kasper and Anthony Fauci and Stephen Hauser and Dan Longo and J. Larry Jameson and Joseph Loscalzo},
	title  = 	{Harrison. Principios de Medicina Interna},
	year = 		{2018},
	publisher = {McGraw-Hill Education},
}

@Book{Lamport,
	author = 	{Leslie Lamport},
	title = 	{\LaTeX : a Document Preparation System},
	edition =   {2nd},
	note = 		{It includes user's Guide and Reference manual. ISBN: 0-201-52983-1},
	month = 	{August},
	year = 		{1999},
	publisher = {AddisonWesley Longman, Inc},
}

@misc{MTS-1,
  	author = 		{ETSI},
  	title = 		{{MTS: Methods for Testing Specifications}},
  	howpublished = 	{\url{http://portal.etsi.org/mbs/Testing/testing.htm}},
  	year = 			{2008},
}

@article{NormanHolter,
	author = 	{Joanna Gawłowska and Jerzy Krzysztof Wranicz},
	title = 	{Norman J. “Jeff“ Holter (1914-1983)},
	journal =	{Cardiology Journal},
	volume = 	{16},
	number = 	{4},
	pages = 	{386-387},
	year = 		{2009},
	DOI = 		{url{https://journals.viamedica.pl/cardiology_journal/article/view/21490}},
}

@article{PanTompkins,
	author = 	{J. Pan and W. J. Tompkins},
	title = 	{A Real-Time QRS Detection Algorithm},
	journal = 	{IEEE Transactions on Biomedical Engineering},
	volume = 	{BME-32},
	number = 	{3},
	pages = 	{230236},
	year = 		{1985},
	DOI = 		{url{https://ieeexplore.ieee.org/abstract/document/4122029}},
}

@article{RsSlope,
    author =    {Gierałtowski, Jan and Ciuchciński, Kamil and Grzegorczyk, Iga and Stępień, Katarzyna and Soliński, Mateusz and Podziemski, Piotr},
    year =      {2015},
    month =     {08},
    pages =     {1743-1761},
    title =     {RS slope detection algorithm for extraction of heart rate from noisy, multimodal recordings},
    volume =    {36},
    journal =   {Physiological measurement},
    doi =       {10.1088/0967-3334/36/8/1743},
}

@article{PatologiasECG,
    author =    {Adriana Mas Casals and José M.ª Lobos Bejarano},
    year =      {2012},
    month =     {11},
    pages =     {597-600},
    title =     {De las ondas del ECG a la patología ¿A qué puede corresponder cada alteración de una onda, complejo o intervalo?},
    volume =    {10},
    journal =   {AMF},
}

@article{FSM,
    author =    {Gutiérrez Rivas, Raquel and García, Juan and Marnane, William and Hernández, Álvaro},
    year =      {2015},
    month =     {10},
    pages =     {6036-6043},
    title =     {Novel Real-Time Low-Complexity QRS Complex Detector Based on Adaptive Thresholding},
    volume =    {15},
    journal =   {Sensors Journal, IEEE},
    doi =       {10.1109/JSEN.2015.2450773},
}

@article{Wavelet,
    author =    {Zidelmal, Zahia and Amirou, Ahmed and Adnane, Mourad and Belouchrani, Adel},
    year =      {2012},
    month =     {01},
    pages =     {490-6},
    title =     {QRS detection based on wavelet coefficients},
    volume =    {107},
    journal =   {Computer methods and programs in biomedicine},
    doi =       {10.1016/j.cmpb.2011.12.004},
}

@ARTICLE{Satija,
    author=   {U. {Satija} and B. {Ramkumar} and M. S. {Manikandan}},
    journal=  {Healthcare Technology Letters}, 
    title=    {Robust cardiac event change detection method for long-term healthcare monitoring applications}, 
    year=     {2016},
    volume=   {3},
    number=   {2},
    pages=    {116-123},
}

@ARTICLE{Pooja,
    author= {P. {Sabherwal} and M. {Agrawal} and L. {Singh}},
    journal={Circuits Syst Signal Process}, 
    title=  {Automatic Detection of the R Peaks in Single-Lead ECG Signal}, 
    year=   {2017},
    volume= {36},
    pages=  {637–4652},
    doi =    {10.1007/s00034-017-0537-2} 
}

@INPROCEEDINGS{Arefin,
    author=     {M. R. {Arefin} and K. {Tavakolian} and R. {Fazel-Rezai}},
    booktitle=  {2015 37th Annual International Conference of the IEEE Engineering in Medicine and Biology Society (EMBC)}, 
    title=      {QRS complex detection in ECG signal for wearable devices}, 
    year=       {2015},
    volume=     {},
    number=     {},
    pages=      {5940-5943},
}

@ARTICLE{Kohler,
    author=     {B. -. {Kohler} and C. {Hennig} and R. {Orglmeister}},
    journal=    {IEEE Engineering in Medicine and Biology Magazine}, 
    title=      {The principles of software QRS detection}, 
    year=       {2002},
    volume=     {21},
    number=     {1},
    pages=      {42-57},
}

@ARTICLE{MIT-BIH,
    author=     {G. B. {Moody} and R. G. {Mark}},
    journal=    {IEEE Engineering in Medicine and Biology Magazine}, 
    title=      {The impact of the MIT-BIH Arrhythmia Database}, 
    year=       {2001},
    volume=     {20},
    number=     {3},
    pages=      {45-50},
}

@ARTICLE{phisionet,
    author=     {Ary L. Goldberger and Luis A. N. Amaral and Leon Glass and Jeffrey M. Hausdorff and Plamen Ch. Ivanov and Roger G. Mark and Joseph E. Mietus and George B. Moody and Chung-Kang Peng and H. Eugene Stanley},
    journal=    {Circulation [Online]}, 
    title=      {PhysioBank, PhysioToolkit, and PhysioNet: Components of a new research resource for complex physiologic signals}, 
    year=       {2000},
    month =     {06},
    volume=     {101},
    number=     {23},
    pages=      {e215-e220},
}

@misc{Aenor2002,
    author = 		{AENOR},
  	title = 		{UNE-EN 60601-2-47:2002},
  	year = 			{2002},
  	institution =   {AENOR},
}

@misc{WHO,
    author = 		{World Health Organization},
  	title = 		{The top 10 causes of death},
  	year = 			{2018},
  	month =         {05},
  	note =          {Retrieved from https://www.who.int/news-room/fact-sheets/detail/the-top-10-causes-of-death},
}

@misc{AHA,
    author = 		{American heart association},
  	title = 		{Cardiac event recorder},
  	year = 			{2016},
  	month =         {05},
  	note =          {Retrieved from https://www.heart.org/en/health-topics/arrhythmia/prevention--treatment-of-arrhythmia/cardiac-event-recorder},
}

@misc{QTTestOverview,
    author = 		{The Qt Company Ltd},
    title = 		{Qt Test Overview},
    note =          {Retrieved from https://doc.qt.io/qt-5/qtest-overview.html},
}

@misc{QTTesTutorial,
    author = 		{The Qt Company Ltd},
    title = 		{Qt Test Tutorial},
    note =          {Retrieved from https://doc.qt.io/qt-5/qtest-tutorial.html},
}